@ARTICLE{Ciresan2011,
    author   = {Dan Claudiu Ciresan and Ueli Meier and Luca Maria Gambardella and Jurgen Schmidhuber},
    title    = {Convolutional Neural Network Committees for Handwritten Character Classification},
    journal  = {International Conference on Document Analysis and Recognition},
    year     = {2011},
    language = {english}
}

@ARTICLE{Lecun1998,
    author   = {Yann Lecun and Leon Bottou and Yoshua Bengio and Patrick Haffner},
    title    = {Gradient-based learning applied to document recognition},
    journal  = {Proceedings of the IEEE},
    year     = {1998},
    pages    = {2278-2324},
    language = {english}
}

@ARTICLE{Simard2003,
    author   = {Patrice Y. Simard and Dave Steinkraus and John C. Platt},
    title    = {Best Practices for Convolutional Neural Networks Applied to Visual Document Analysis},
    journal  = {Seventh International Conference on Document Analysis and Recognition},
    year     = {2003},
    language = {english}
}

@ARTICLE{Baranov2003,
    author   = {Баранов Р.П. and Фаворская М.Н.},
    title    = {Алгоритмы Скелетизации Объектов На Изображении},
    journal  = {Актуальные проблемы авиации и космонавтики},
    year     = {2011},
    language = {russian}
}

@BOOK{Mestetskiy2009,
    author    = {Л.Местецкий},
    title     = {Непрерывная морфология бинарных изображений. Фигуры, скелеты, циркуляры},
    year      = {2009},
    publisher = {ФИЗМАТЛИТ},
    address   = {Москва}
}

@ARTICLE{Kushnir2012,
    author   = {Кушнир О. А.},
    title    = {Сравнение формы бинарных растровых изображений на основе скелетизации},
    journal  = {Машинное обучение и анализ данных},
    year     = {2012},
    language = {russian}
}

@ARTICLE{Orlov2016,
    author   = {Орлов А. И. and Луценко E. B.},
    title    = {Методы Снижения Размерности Пространства Статистических Данных},
    journal  = {Политематический сетевой электронный научный журнал Кубанского государственного аграрного университета},
    year     = {2016},
    language = {russian}
}