@Article{Nair2018,
    author   = "Nair P. and Doshi R. and Keselj S.",
    title    = "Pushing the limits of capsule networks",
    journal  = "Technical note",
    year     = "2018",
    language = "english"
}

@Article{Hseih2018,
    author   = "Hsieh P. C., Chen C. P.",
    title    = "Multi-task Learning on MNIST Image Datasets",
    year     = "2018",
    language = "english"
}

@Book{Mestetskiy2009,
    author    = "Л.Местецкий",
    title     = "Непрерывная морфология бинарных изображений. Фигуры, скелеты, циркуляры",
    year      = "2009",
    publisher = "ФИЗМАТЛИТ",
    address   = "Москва"
}

@Article{Kushnir2012,
    author   = "Кушнир О. А.",
    title    = "Сравнение формы бинарных растровых изображений на основе скелетизации",
    journal  = "Машинное обучение и анализ данных",
    year     = "2012",
    language = "russian"
}

@Article{Simard2003,
    author   = "Patrice Y. Simard and Dave Steinkraus and John C. Platt",
    title    = "Best Practices for Convolutional Neural Networks Applied to Visual Document Analysis",
    journal  = "Seventh International Conference on Document Analysis and Recognition",
    year     = "2003",
    language = "english"
}

@ARTICLE{Ciresan2011,
    author   = "Dan Claudiu Ciresan and Ueli Meier and Luca Maria Gambardella and Jurgen Schmidhuber",
    title    = "Convolutional Neural Network Committees for Handwritten Character Classification",
    journal  = "International Conference on Document Analysis and Recognition",
    year     = "2011",
    language = "english"
}