@inproceedings{thrun2002particle,
  title={Particle filters in robotics},
  author={Thrun, Sebastian},
  booktitle={Proceedings of the Eighteenth conference on Uncertainty in artificial intelligence},
  pages={511--518},
  year={2002},
  organization={Morgan Kaufmann Publishers Inc.}
}

@incollection{janson2018monte,
  title={Monte Carlo motion planning for robot trajectory optimization under uncertainty},
  author={Janson, Lucas and Schmerling, Edward and Pavone, Marco},
  booktitle={Robotics Research},
  pages={343--361},
  year={2018},
  publisher={Springer}
}

@article{van2011lqg,
  title={LQG-MP: Optimized path planning for robots with motion uncertainty and imperfect state information},
  author={Van Den Berg, Jur and Abbeel, Pieter and Goldberg, Ken},
  journal={The International Journal of Robotics Research},
  volume={30},
  number={7},
  pages={895--913},
  year={2011},
  publisher={SAGE Publications Sage UK: London, England}
}

@inproceedings{vitus2011closed,
  title={Closed-loop belief space planning for linear, Gaussian systems},
  author={Vitus, Michael P and Tomlin, Claire J},
  booktitle={Robotics and Automation (ICRA), 2011 IEEE International Conference on},
  pages={2152--2159},
  year={2011},
  organization={IEEE}
}

@inproceedings{patil2012estimating,
  title={Estimating probability of collision for safe motion planning under Gaussian motion and sensing uncertainty},
  author={Patil, Sachin and Van Den Berg, Jur and Alterovitz, Ron},
  booktitle={Robotics and Automation (ICRA), 2012 IEEE International Conference on},
  pages={3238--3244},
  year={2012},
  organization={IEEE}
}

@article{liu2018safe,
  title={How Safe Is Safe Enough for Self-Driving Vehicles?},
  author={Liu, Peng and Yang, Run and Xu, Zhigang},
  journal={Risk analysis},
  year={2018},
  publisher={Wiley Online Library}
}

@article{harper2016cost,
  title={Cost and benefit estimates of partially-automated vehicle collision avoidance technologies},
  author={Harper, Corey D and Hendrickson, Chris T and Samaras, Constantine},
  journal={Accident Analysis \& Prevention},
  volume={95},
  pages={104--115},
  year={2016},
  publisher={Elsevier}
}

@inproceedings{du2010pomdp,
  title={A POMDP approach to robot motion planning under uncertainty},
  author={Du, Yanzhu and Hsu, David and Kurniawati, Hanna and Sun, Wee and Sylvie, Lee and Ong, CW and Png, Shao Wei},
  booktitle={In International Conference on Automated Planning \& Scheduling, Workshop on Solving Real-World POMDP Problems},
  year={2010},
  organization={Citeseer}
}

@article{du2011probabilistic,
  title={Probabilistic collision checking with chance constraints},
  author={Du Toit, Noel E and Burdick, Joel W},
  journal={IEEE Transactions on Robotics},
  volume={27},
  number={4},
  pages={809--815},
  year={2011},
  publisher={IEEE}
}

@article{bopardikar2015multiobjective,
  title={Multiobjective path planning: Localization constraints and collision probability},
  author={Bopardikar, Shaunak D and Englot, Brendan and Speranzon, Alberto},
  journal={IEEE Transactions on Robotics},
  volume={31},
  number={3},
  pages={562--577},
  year={2015},
  publisher={IEEE}
}

@inproceedings{liu2014incremental,
  title={Incremental sampling-based algorithm for risk-aware planning under motion uncertainty},
  author={Liu, Wei and Ang, Marcelo H},
  booktitle={Robotics and Automation (ICRA), 2014 IEEE International Conference on},
  pages={2051--2058},
  year={2014},
  organization={IEEE}
}

@inproceedings{hoffmann2007autonomous,
  title={Autonomous automobile trajectory tracking for off-road driving: Controller design, experimental validation and racing},
  author={Hoffmann, Gabriel M and Tomlin, Claire J and Montemerlo, Michael and Thrun, Sebastian},
  booktitle={American Control Conference, 2007. ACC'07},
  pages={2296--2301},
  year={2007},
  organization={IEEE}
}

@article{thrun2006stanley,
  title={Stanley: The robot that won the DARPA Grand Challenge},
  author={Thrun, Sebastian and Montemerlo, Mike and Dahlkamp, Hendrik and Stavens, David and Aron, Andrei and Diebel, James and Fong, Philip and Gale, John and Halpenny, Morgan and Hoffmann, Gabriel and others},
  journal={Journal of field Robotics},
  volume={23},
  number={9},
  pages={661--692},
  year={2006},
  publisher={Wiley Online Library}
}

@inproceedings{lambert2008fast,
  title={A fast monte carlo algorithm for collision probability estimation},
  author={Lambert, Alain and Gruyer, Dominique and Saint Pierre, Guillaume},
  booktitle={Control, Automation, Robotics and Vision, 2008. ICARCV 2008. 10th International Conference on},
  pages={406--411},
  year={2008},
  organization={IEEE}
}

@book{jazwinski2007stochastic,
  title={Stochastic processes and filtering theory},
  author={Jazwinski, Andrew H},
  year={2007},
  publisher={Courier Corporation}
}