@ARTICLE{Ciresan2011,
    author = {Dan Claudiu Ciresan and Ueli Meier and Luca Maria Gambardella and Jurgen Schmidhuber},
    title = {Convolutional Neural Network Committees for Handwritten Character Classification},
    journal = {International Conference on Document Analysis and Recognition},
    year = {2011},
    language = "english"
}

@ARTICLE{Waleed2013,
    author = {Waleed Abu-Ain, Siti Norul Huda Sheikh Abdullah, Bilal Bataineh, Tarik Abu-Ain, Khairuddin Omar},
    title = {Skeletonization Algorithm for Binary Images},
    journal = {The 4th International Conference on Electrical Engineering and Informatics},
    year = {ICEEI 2013},
    language = "english"
}

@ARTICLE{Baranov,
    author = {Р.П. Баранов, М.Н. Фаворская},
    title = {Алгоритмы скелетизации объектов на изображении},
    journal = {Сибирский государственный аэрокосмический университет имени академика М.Ф. Решетнева},
    language = "russian"
}

@ARTICLE{Wang2014,
    author = {Zhen Wang, Jianwen Zhang, Jianlin Feng, Zheng Chen},
    title = {Knowledge Graph Embedding by Translating on Hyperplanes},
    journal = {AAAI. — Vol. 14.},
    year = {2014},
    language = "english"
}